% TODO: v tomto subore uvedte BibTex zaznamy pre pouzite zdroje


@book{even2011graph,
  title={Graph algorithms},
  author={Even, Shimon},
  year={2011},
  publisher={Cambridge University Press}
}

@article{kumari2010survey,
  title={A survey on shortest path routing algorithms for public transport travel},
  author={Kumari, S Meena and Geethanjali, N},
  journal={Global Journal of Computer Science and Technology},
  volume={9},
  number={5},
  pages={73--75},
  year={2010}
}

@book{duris2009,
  title={Tvorba efektívnych algoritmov},
  author={Pavol Ďuriš},
  year={2009},
  publisher={Knižničné a edičné centrum FMFI UK}
}

@article{santos2007k,
  title={k-Shortest path algorithms},
  author={Santos, Jos{\'e} Luis},
  year={2007},
  publisher={Centro de Matem{\'a}tica da Universidade de Coimbra},
  note={[Citované 2017-12-4] Dostupné z \url{https://estudogeral.sib.uc.pt/jspui/bitstream/10316/11305/1/k-Shortest%20path%20algorithms.pdf}}

}

@misc{Diestel2000,
  author={Reinhard Diestel},
  title={Teória grafov},
  year={2000},
  note={[Citované 2017-12-4] Dostupné z \url{http://www.dcs.fmph.uniba.sk/~haviarova/uktg/#materialy}}
}

@misc{katreniakova2014,
  author={Jana Katreniaková},
  title={Vizualizácia a kreslenie pekných grafov},
  year={2014},
  note={[Citované 2017-12-4] Dostupné z \url{http://sccg.sk/~ferko/VizualizaciaPreGrafikov.pdf}}
}

@misc{novak2016,
 author={Jakub Novák},
 title={Dynamická navigácia osôb so spätnou väzbou v mestskej hromadnej doprave},
 howpublished={Bakalárska práca, Univerzita Komenského v Bratislave},
 year={2016}
}

@inproceedings{bannister2012randomized,
  title={Randomized speedup of the Bellman--Ford algorithm},
  author={Bannister, Michael J and Eppstein, David},
  booktitle={2012 Proceedings of the Ninth Workshop on Analytic Algorithmics and Combinatorics (ANALCO)},
  pages={41--47},
  year={2012},
  organization={SIAM}
}

@article{bellman1958routing,
  title={On a routing problem},
  author={Bellman, Richard},
  journal={Quarterly of applied mathematics},
  volume={16},
  number={1},
  pages={87--90},
  year={1958}
}